/Users/sergonnelou/memoire/src/bibliography/bibliography.bib