% Bibliography for Quantum Computing and Its Impact on Cryptography

%%%%%%%%%%%%%%%%%%%%%%%%%%%%%%%%%%%%%%%%
% QUANTUM COMPUTING FUNDAMENTALS
%%%%%%%%%%%%%%%%%%%%%%%%%%%%%%%%%%%%%%%%

@book{nielsen2010quantum,
  title={Quantum Computation and Quantum Information},
  author={Nielsen, Michael A. and Chuang, Isaac L.},
  year={2010},
  publisher={Cambridge University Press},
  edition={10th Anniversary Edition},
  address={Cambridge, UK},
  note={The standard reference for quantum information theory and quantum computation.},
  chapter={5}
}

@book{griffiths2018introduction,
  title={Introduction to Quantum Mechanics},
  author={Griffiths, David J. and Schroeter, Darrell F.},
  year={2018},
  publisher={Cambridge University Press},
  edition={3rd},
  address={Cambridge, UK}
}

@book{mermin2007quantum,
  title={Quantum Computer Science: An Introduction},
  author={Mermin, N. David},
  year={2007},
  publisher={Cambridge University Press},
  note={More concise, focused on computation}
}

@book{kaye2007introduction,
  title={An Introduction to Quantum Computing},
  author={Kaye, Phillip and Laflamme, Raymond and Mosca, Michele},
  year={2007},
  publisher={Oxford University Press}
}

@book{yanofsky2008quantum,
  title={Quantum Computing for Computer Scientists},
  author={Yanofsky, Noson S. and Mannucci, Mirco A.},
  year={2008},
  publisher={Cambridge University Press}
}

@book{rieffel2011quantum,
  title={Quantum Computing: A Gentle Introduction},
  author={Rieffel, Eleanor G. and Polak, Wolfgang H.},
  year={2011},
  publisher={MIT Press}
}

@book{feynman1965feynman,
  title={The Feynman Lectures on Physics, Vol. III: Quantum Mechanics},
  author={Feynman, Richard P. and Leighton, Robert B. and Sands, Matthew},
  year={1965},
  publisher={Addison-Wesley},
  note={Classic physics text}
}

@article{arndt1999wave,
  title={Wave–particle duality of C60 molecules},
  author={Arndt, Markus and Nairz, Olaf and Vos-Andreae, Julian and Keller, Claudia and Van Der Zouw, Gerhard and Zeilinger, Anton},
  journal={Nature},
  volume={401},
  number={6754},
  pages={680--682},
  year={1999},
  publisher={Nature Publishing Group},
  note={Experimental demonstration of duality for large molecules}
}

@article{einstein1935can,
  title={Can Quantum-Mechanical Description of Physical Reality Be Considered Complete?},
  author={Einstein, Albert and Podolsky, Boris and Rosen, Nathan},
  journal={Physical Review},
  volume={47},
  number={10},
  pages={777},
  year={1935},
  publisher={APS},
  note={The famous EPR paper questioning completeness, related to entanglement}
}

@article{bell1964einstein,
  title={On the Einstein Podolsky Rosen paradox},
  author={Bell, John S.},
  journal={Physics Physique Fizika},
  volume={1},
  number={3},
  pages={195},
  year={1964},
  publisher={APS},
  note={Bell's theorem, foundational for understanding entanglement tests}
}

@article{heisenberg1927anschaulichen,
  title={Über den anschaulichen Inhalt der quantentheoretischen Kinematik und Mechanik},
  author={Heisenberg, Werner},
  journal={Zeitschrift für Physik},
  volume={43},
  number={3-4},
  pages={172--198},
  year={1927},
  publisher={Springer},
  note={Original paper on the Uncertainty Principle}
}

@online{ibm_quantum,
  title={IBM Quantum Experience Documentation},
  author={{IBM}},
  url={https://quantum-computing.ibm.com/docs/},
  year={2025},
  note={Excellent practical guides, tutorials on Qiskit, quantum concepts},
  urldate={2025-04-11}
}

@online{microsoft_quantum,
  title={Microsoft Quantum Documentation},
  author={{Microsoft}},
  url={https://docs.microsoft.com/en-us/quantum/},
  year={2025},
  note={Resources for Q\#, quantum concepts, algorithms},
  urldate={2025-04-11}
}

%%%%%%%%%%%%%%%%%%%%%%%%%%%%%%%%%%%%%%%%
% QUANTUM ALGORITHMS
%%%%%%%%%%%%%%%%%%%%%%%%%%%%%%%%%%%%%%%%

@article{shor1997polynomial,
  title={Polynomial-Time Algorithms for Prime Factorization and Discrete Logarithms on a Quantum Computer},
  author={Shor, Peter W.},
  journal={SIAM Journal on Computing},
  volume={26},
  number={5},
  pages={1484--1509},
  year={1997},
  publisher={Society for Industrial and Applied Mathematics},
  note={The foundational paper describing Shor's algorithm for integer factorization.}
}

@article{grover1996fast,
  title={A Fast Quantum Mechanical Algorithm for Database Search},
  author={Grover, Lov K.},
  booktitle={Proceedings of the 28th Annual ACM Symposium on Theory of Computing},
  pages={212--219},
  year={1996},
  organization={ACM},
  note={Presents Grover's quantum search algorithm.}
}

@inproceedings{shor1994algorithms,
  title={Algorithms for quantum computation: discrete logarithms and factoring},
  author={Shor, Peter W.},
  booktitle={Proceedings 35th Annual Symposium on Foundations of Computer Science},
  pages={124--134},
  year={1994},
  organization={IEEE},
  note={The seminal paper on Shor's algorithm}
}

@article{beckman1996efficient,
  title={Efficient networks for quantum factoring},
  author={Beckman, David and Chari, Amalavoyal N. and Devabhaktuni, Srikrishna and Preskill, John},
  journal={Physical Review A},
  volume={54},
  number={2},
  pages={1034},
  year={1996},
  publisher={APS},
  note={Implementation details/circuit design for Shor's algorithm}
}

@article{grover1997quantum,
  title={Quantum Mechanics Helps in Searching for a Needle in a Haystack},
  author={Grover, Lov K.},
  journal={Physical Review Letters},
  volume={79},
  number={2},
  pages={325},
  year={1997},
  publisher={APS},
  note={Journal version of Grover's algorithm}
}

@article{cleve1998quantum,
  title={Quantum algorithms revisited},
  author={Cleve, Richard and Ekert, Artur and Macchiavello, Chiara and Mosca, Michele},
  journal={Proceedings of the Royal Society of London. Series A: Mathematical, Physical and Engineering Sciences},
  volume={454},
  number={1969},
  pages={339--354},
  year={1998},
  publisher={The Royal Society}
}

@article{kitaev1995quantum,
  title={Quantum measurements and the Abelian Stabilizer Problem},
  author={Kitaev, Alexei Yu},
  journal={arXiv preprint quant-ph/9511026},
  year={1995}
}

@article{brassard2002quantum,
  title={Quantum amplitude amplification and estimation},
  author={Brassard, Gilles and H{\o}yer, Peter and Mosca, Michele and Tapp, Alain},
  journal={Contemporary Mathematics},
  volume={305},
  pages={53--74},
  year={2002},
  publisher={American Mathematical Society}
}

@article{nielsen2002quantum,
  title={Quantum computation and quantum information},
  author={Nielsen, Michael A and Chuang, Isaac},
  journal={American Journal of Physics},
  volume={70},
  number={5},
  pages={558--559},
  year={2002},
  publisher={American Association of Physics Teachers}
}

@article{preskill2018quantum,
  title={Quantum Computing in the NISQ era and beyond},
  author={Preskill, John},
  journal={Quantum},
  volume={2},
  pages={79},
  year={2018},
  publisher={Verein zur F{\"o}rderung des Open Access Publizierens in den Quantenwissenschaften}
}

@article{coppersmith2002approximate,
  title={An approximate {F}ourier transform useful in quantum factoring},
  author={Coppersmith, Don},
  journal={arXiv preprint quant-ph/0201067},
  year={2002}
}

@article{griffiths1996semiclassical,
  title={Semiclassical fourier transform for quantum computation},
  author={Griffiths, Robert B and Niu, Chi-Sheng},
  journal={Physical Review Letters},
  volume={76},
  number={17},
  pages={3228},
  year={1996},
  publisher={APS}
}

@article{Suter2009,
  title={Quantum Algorithms},
  author={Suter, Dieter},
  journal={Lecture Notes},
  year={2009},
  url={https://qnap.e3.physik.tu-dortmund.de/suter/Vorlesung/QIV_WS09/8_QAlgorithms.pdf},
  note={Chapter 8}
}

@article{BerkeleyX,
  title={Quantum Fourier Transform},
  author={{BerkeleyX}},
  journal={CS-191x Course Materials},
  year={2019},
  url={https://d37djvu3ytnwxt.cloudfront.net/c4x/BerkeleyX/CS-191x/asset/chap5.pdf},
  note={Chapter 5}
}

@article{eisert2021quantum,
  title={Quantum algorithms},
  author={Eisert, Jens},
  journal={Quantum Information Theory},
  year={2021},
  url={https://www.physik.fu-berlin.de/en/einrichtungen/ag/ag-eisert/teaching/ws20-21/QuantumInformationTheoryChapter9.pdf},
  note={Chapter 9: Quantum algorithms}
}

@online{qulacs2023qft,
  title={Quantum Fourier Transform},
  author={{Qulacs}},
  year={2023},
  url={https://dojo.qulacs.org/en/latest/notebooks/2.3_quantum_Fourier_transform.html},
  note={Quantum Native Dojo tutorial on QFT implementation}
}

@online{edx2023qft,
  title={QFT, Period Finding \& Shor's Algorithm},
  author={{EdX}},
  year={2023},
  url={https://courses.edx.org/c4x/BerkeleyX/CS191x/asset/chap5.pdf},
  note={Comprehensive guide on QFT and its applications}
}

%%%%%%%%%%%%%%%%%%%%%%%%%%%%%%%%%%%%%%%%
% CLASSICAL CRYPTOGRAPHY
%%%%%%%%%%%%%%%%%%%%%%%%%%%%%%%%%%%%%%%%

@article{rivest1978method,
  title={A Method for Obtaining Digital Signatures and Public-Key Cryptosystems},
  author={Rivest, Ronald L. and Shamir, Adi and Adleman, Leonard},
  journal={Communications of the ACM},
  volume={21},
  number={2},
  pages={120--126},
  year={1978},
  publisher={ACM},
  note={The original RSA paper.}
}

@book{menezes1996handbook,
  title={Handbook of Applied Cryptography},
  author={Menezes, Alfred J. and van Oorschot, Paul C. and Vanstone, Scott A.},
  year={1996},
  publisher={CRC Press},
  address={Boca Raton, FL}
}

@book{katz2014introduction,
  title={Introduction to Modern Cryptography},
  author={Katz, Jonathan and Lindell, Yehuda},
  year={2014},
  publisher={CRC Press},
  note={Widely used modern textbook}
}

@book{stallings2017cryptography,
  title={Cryptography and Network Security: Principles and Practice},
  author={Stallings, William},
  year={2017},
  publisher={Pearson},
  note={Comprehensive, practical focus}
}

@article{diffie1976new,
  title={New directions in cryptography},
  author={Diffie, Whitfield and Hellman, Martin},
  journal={IEEE Transactions on Information Theory},
  volume={22},
  number={6},
  pages={644--654},
  year={1976},
  publisher={IEEE},
  note={Introduced public-key cryptography and key exchange}
}

@techreport{nist2001aes,
  title={FIPS PUB 197: Advanced Encryption Standard (AES)},
  author={{National Institute of Standards and Technology}},
  year={2001},
  url={https://csrc.nist.gov/publications/detail/fips/197/final},
  institution={NIST}
}

%%%%%%%%%%%%%%%%%%%%%%%%%%%%%%%%%%%%%%%%
% POST-QUANTUM CRYPTOGRAPHY
%%%%%%%%%%%%%%%%%%%%%%%%%%%%%%%%%%%%%%%%

@article{bernstein2017post,
  title={Post-Quantum Cryptography},
  author={Bernstein, Daniel J. and Lange, Tanja},
  journal={Nature},
  volume={549},
  number={7671},
  pages={188--194},
  year={2017},
  publisher={Nature Publishing Group},
  note={Overview of post-quantum cryptography approaches.}
}

@techreport{alagic2020status,
  title={Status Report on the Second Round of the {NIST} Post-Quantum Cryptography Standardization Process},
  author={Alagic, Gorjan and Alperin-Sheriff, Jacob and Apon, Daniel and Cooper, David and Dang, Quynh and Kelsey, John and Liu, Yi-Kai and Miller, Carl and Moody, Dustin and Peralta, Rene and others},
  institution={National Institute of Standards and Technology},
  type={NISTIR},
  number={8309},
  year={2020},
  url={https://doi.org/10.6028/NIST.IR.8309},
  note={Report on the second round of the NIST post-quantum cryptography standardization process.}
}

@article{djelic2021nist,
  title={{NIST} Post-Quantum Cryptography Standardization - Third Round Finalist Digital Signature Schemes},
  author={Djelic, Marko and Poljak, Mario},
  journal={Automatic Control and Computer Sciences},
  volume={55},
  number={1},
  pages={86--95},
  year={2021},
  publisher={Springer}
}

@online{nist_pqc,
  title={Post-Quantum Cryptography Project Website},
  author={{National Institute of Standards and Technology}},
  url={https://csrc.nist.gov/projects/post-quantum-cryptography},
  year={2025},
  note={Primary source for standards, reports, selected algorithms},
  urldate={2025-04-11}
}

@techreport{nist2020status,
  title={Status Report on the Second Round of the NIST Post-Quantum Cryptography Standardization Process},
  author={Alagic, Gorjan and others},
  number={NISTIR 8309},
  year={2020},
  url={https://csrc.nist.gov/publications/detail/nistir/8309/final},
  institution={NIST}
}

@article{peikert2016decade,
  title={A decade of lattice cryptography},
  author={Peikert, Chris},
  journal={Foundations and Trends in Theoretical Computer Science},
  volume={10},
  number={4},
  pages={283--424},
  year={2016},
  publisher={Now Publishers Inc.},
  note={Excellent survey of lattice-based crypto}
}

%%%%%%%%%%%%%%%%%%%%%%%%%%%%%%%%%%%%%%%%
% CYBERSECURITY IMPLICATIONS
%%%%%%%%%%%%%%%%%%%%%%%%%%%%%%%%%%%%%%%%

@article{mosca2018cybersecurity,
  title={Cybersecurity in an Era with Quantum Computers: Will We Be Ready?},
  author={Mosca, Michele},
  journal={IEEE Security \& Privacy},
  volume={16},
  number={5},
  pages={38--41},
  year={2018},
  publisher={IEEE},
  note={Discusses quantum threats to current cryptographic systems and preparation strategies.}
}

@inproceedings{chen2016report,
  title={Report on Post-Quantum Cryptography},
  author={Chen, Lily and Jordan, Stephen and Liu, Yi-Kai and Moody, Dustin and Peralta, Rene and Perlner, Ray and Smith-Tone, Daniel},
  booktitle={NIST Internal Report},
  volume={8105},
  year={2016},
  organization={NIST}
}

%%%%%%%%%%%%%%%%%%%%%%%%%%%%%%%%%%%%%%%%
% QUANTUM HARDWARE AND IMPLEMENTATION
%%%%%%%%%%%%%%%%%%%%%%%%%%%%%%%%%%%%%%%%

@article{preskill2018quantum,
  title={Quantum Computing in the {NISQ} Era and Beyond},
  author={Preskill, John},
  journal={Quantum},
  volume={2},
  pages={79},
  year={2018},
  publisher={Verein zur Förderung des Open Access Publizierens in den Quantenwissenschaften},
  note={Discusses near-term quantum computing and its limitations.}
}

@article{arute2019quantum,
  title={Quantum Supremacy Using a Programmable Superconducting Processor},
  author={Arute, Frank and Arya, Kunal and Babbush, Ryan and Bacon, Dave and Bardin, Joseph C. and Barends, Rami and others},
  journal={Nature},
  volume={574},
  number={7779},
  pages={505--510},
  year={2019},
  publisher={Nature Publishing Group},
  note={The "quantum supremacy" paper from Google.}
}

%%%%%%%%%%%%%%%%%%%%%%%%%%%%%%%%%%%%%%%%
% SOCIETAL AND ECONOMIC IMPLICATIONS
%%%%%%%%%%%%%%%%%%%%%%%%%%%%%%%%%%%%%%%%

@book{national2019quantum,
  title={Quantum Computing: Progress and Prospects},
  author={{National Academies of Sciences, Engineering, and Medicine}},
  year={2019},
  publisher={The National Academies Press},
  address={Washington, DC},
  note={Comprehensive assessment of the current state and prospects of quantum computing.}
}

@article{pieper2021economic,
  title={The Economic Impact of Quantum Computing},
  author={Pieper, Justin},
  journal={IEEE Engineering Management Review},
  volume={49},
  number={1},
  pages={24--31},
  year={2021},
  publisher={IEEE}
}

@article{dowling2003quantum,
  title={Quantum technology: the second quantum revolution},
  author={Dowling, Jonathan P. and Milburn, Gerard J.},
  journal={Philosophical Transactions of the Royal Society of London. Series A: Mathematical, Physical and Engineering Sciences},
  volume={361},
  number={1809},
  pages={1655--1674},
  year={2003},
  publisher={The Royal Society},
  note={Discusses broader impact}
}

@article{wehner2018quantum,
  title={Quantum internet: A vision for the road ahead},
  author={Wehner, Stephanie and Elkouss, David and Hanson, Ronald},
  journal={Science},
  volume={362},
  number={6412},
  year={2018},
  publisher={American Association for the Advancement of Science},
  note={Vision paper on quantum internet}
}

% --- Books ---
@book{kahn1996codebreakers,
  title={The Codebreakers: The Story of Secret Writing},
  author={Kahn, David},
  year={1996},
  publisher={Scribner}
}

@book{singh1999code,
  title={The Code Book: The Science of Secrecy from Ancient Egypt to Quantum Cryptography},
  author={Singh, Simon},
  year={1999},
  publisher={Anchor Books}
}

@book{stallings2017cryptography,
  title={Cryptography and Network Security: Principles and Practice},
  author={Stallings, William},
  edition={7th},
  year={2017},
  publisher={Pearson}
}

@book{katz2014introduction,
  title={Introduction to Modern Cryptography},
  author={Katz, Jonathan and Lindell, Yehuda},
  edition={2nd},
  year={2014},
  publisher={CRC Press}
}

@book{menezes1996handbook,
  title={Handbook of Applied Cryptography},
  author={Menezes, Alfred J. and van Oorschot, Paul C. and Vanstone, Scott A.},
  year={1996},
  publisher={CRC Press}
}

@book{boneh2020graduate,
  title={A Graduate Course in Applied Cryptography},
  author={Boneh, Dan and Shoup, Victor},
  year={2020},
  note={\url{https://toc.cryptobook.us/}},
  publisher={Stanford University}
}

@book{mangard2007power,
  title={Power Analysis Attacks: Revealing the Secrets of Smart Cards},
  author={Mangard, Stefan and Oswald, Elisabeth and Popp, Thomas},
  year={2007},
  publisher={Springer}
}

% --- Articles / Papers ---
@article{shannon1949communication,
  title={Communication Theory of Secrecy Systems},
  author={Shannon, Claude E.},
  journal={Bell System Technical Journal},
  volume={28},
  number={4},
  pages={656--715},
  year={1949},
  publisher={Wiley Online Library}
}

@article{kerckhoffs1883,
  title={La cryptographie militaire},
  author={Kerckhoffs, Auguste},
  journal={Journal des sciences militaires},
  volume={9},
  pages={5--38, 161--191},
  year={1883}
}

@article{diffie1976new,
  title={New directions in cryptography},
  author={Diffie, Whitfield and Hellman, Martin E.},
  journal={IEEE Transactions on Information Theory},
  volume={22},
  number={6},
  pages={644--654},
  year={1976},
  publisher={IEEE}
}

@inproceedings{grover1996fast,
  title={A fast quantum mechanical algorithm for database search},
  author={Grover, Lov K.},
  booktitle={Proceedings of the Twenty-eighth Annual ACM Symposium on Theory of Computing},
  pages={212--219},
  year={1996},
  organization={ACM}
}

@inproceedings{shor1994algorithms,
  title={Algorithms for quantum computation: discrete logarithms and factoring},
  author={Shor, Peter W.},
  booktitle={Proceedings 35th Annual Symposium on Foundations of Computer Science},
  pages={124--134},
  year={1994},
  organization={IEEE}
}

@article{rivest1978method,
  title={A method for obtaining digital signatures and public-key cryptosystems},
  author={Rivest, Ronald L. and Shamir, Adi and Adleman, Leonard M.},
  journal={Communications of the ACM},
  volume={21},
  number={2},
  pages={120--126},
  year={1978},
  publisher={ACM}
}

@article{koblitz1987elliptic,
  title={Elliptic curve cryptosystems},
  author={Koblitz, Neal},
  journal={Mathematics of Computation},
  volume={48},
  number={177},
  pages={203--209},
  year={1987}
}

@article{miller1985use,
  title={Use of elliptic curves in cryptography},
  author={Miller, Victor S.},
  journal={Advances in Cryptology --- CRYPTO '85 Proceedings},
  volume={218},
  pages={417--426},
  year={1986},
  publisher={Springer}
}

@inproceedings{bleichenbacher1998chosen,
  title={Chosen ciphertext attacks against protocols based on the RSA encryption standard PKCS \#1},
  author={Bleichenbacher, Daniel},
  booktitle={Advances in Cryptology --- CRYPTO '98},
  pages={1--12},
  year={1998},
  organization={Springer}
}

@article{kocher1996timing,
  title={Timing attacks on implementations of Diffie-Hellman, RSA, DSS, and other systems},
  author={Kocher, Paul C.},
  journal={Advances in Cryptology --- CRYPTO '96},
  pages={104--113},
  year={1996},
  publisher={Springer}
}

@article{mosca2018cybersecurity,
  title={Cybersecurity in an era with quantum computers: will we be ready?},
  author={Mosca, Michele},
  journal={IEEE Security \& Privacy},
  volume={16},
  number={5},
  pages={38--41},
  year={2018},
  publisher={IEEE}
}

% --- Technical Reports / Standards / Misc ---
@techreport{nist1999des,
  title={{Data Encryption Standard (DES)}},
  author={{National Institute of Standards and Technology (NIST)}},
  institution={U.S. Department of Commerce},
  year={1999},
  type={FIPS PUB},
  number={46-3},
  note={Withdrawn 2005}
}

@techreport{nist2001aes,
  title={{Advanced Encryption Standard (AES)}},
  author={{National Institute of Standards and Technology (NIST)}},
  institution={U.S. Department of Commerce},
  year={2001},
  type={FIPS PUB},
  number={197}
}

@techreport{nist_sp800_38d,
  title={{Recommendation for Block Cipher Modes of Operation: Galois/Counter Mode (GCM) and GMAC}},
  author={{National Institute of Standards and Technology (NIST)}},
  institution={U.S. Department of Commerce},
  year={2007},
  type={Special Publication (SP)},
  number={800-38D}
}

@techreport{nist_sp800_57p1r5,
 title={{Recommendation for Key Management, Part 1: General}},
 author={{National Institute of Standards and Technology (NIST)}},
 institution={U.S. Department of Commerce},
 year={2020},
 type={Special Publication (SP)},
 number={800-57 Part 1 Rev. 5}
}

@techreport{nist_fips202,
  title={{SHA-3 Standard: Permutation-Based Hash and Extendable-Output Functions}},
  author={{National Institute of Standards and Technology (NIST)}},
  institution={U.S. Department of Commerce},
  year={2015},
  type={FIPS PUB},
  number={202}
}

@misc{blake3,
  title={{BLAKE3 Cryptographic Hash Function}},
  author={O'Connor, Jack and Aumasson, Jean-Philippe and Neves, Samuel and Wilcox-O'Hearn, Zooko},
  year={2020},
  howpublished = {\url{https://blake3.io/}},
  note = {Specification available at \url{https://github.com/BLAKE3-team/BLAKE3-specs/blob/master/blake3.pdf}}
}

@article{bernstein2017post,
  title={Post-quantum cryptography},
  author={Bernstein, Daniel J and Lange, Tanja},
  journal={Nature},
  volume={549},
  number={7671},
  pages={188--194},
  year={2017},
  publisher={Nature Publishing Group}
}

@misc{madness2020classical,
  title = {Classical Cryptography},
  author = {Madness, Crypto},
  year = {2020},
  howpublished = {Specify Source: e.g., Website, Blog Post, Course Notes},
  note = {Placeholder - Replace with full citation details if available}
}

@techreport{nist_pqc,
  title={{Status Report on the Second Round of the NIST Post-Quantum Cryptography Standardization Process}},
  author={{National Institute of Standards and Technology (NIST)}},
  institution={U.S. Department of Commerce},
  year={2020},
  type={NIST Internal Report (NISTIR)},
  number={8309},
  note={Represents the general NIST PQC effort; cite specific documents when possible.}
}